<record><leader>00000cas a22000007a 4500</leader><controlfield tag="001">23475586</controlfield><controlfield tag="008">910416u1919uuuumnumn ne      0    0eng d</controlfield><datafield ind1=" " ind2=" " tag="010"><subfield code="a">sn 91059109 </subfield></datafield><datafield ind1=" " ind2=" " tag="040"><subfield code="a">MN#</subfield><subfield code="b">eng</subfield><subfield code="c">MN#</subfield><subfield code="d">OCLCQ</subfield><subfield code="d">OCLCF</subfield><subfield code="d">OCLCO</subfield></datafield><datafield ind1=" " ind2=" " tag="042"><subfield code="a">msc</subfield></datafield><datafield ind1=" " ind2=" " tag="043"><subfield code="a">n-us-mn</subfield></datafield><datafield ind1=" " ind2=" " tag="052"><subfield code="a">4144</subfield><subfield code="b">O9</subfield></datafield><datafield ind1=" " ind2=" " tag="052"><subfield code="a">4143</subfield><subfield code="b">S7</subfield></datafield><datafield ind1="0" ind2=" " tag="130"><subfield code="a">Magnet (Owatonna, Minn.)</subfield></datafield><datafield ind1="1" ind2="4" tag="245"><subfield code="a">The magnet.</subfield></datafield><datafield ind1=" " ind2=" " tag="260"><subfield code="a">Owatonna, Minn. :</subfield><subfield code="b">Owatonna High School</subfield></datafield><datafield ind1=" " ind2=" " tag="300"><subfield code="a">v.</subfield></datafield><datafield ind1=" " ind2=" " tag="310"><subfield code="a">Ten issues during school year,</subfield><subfield code="b">Oct. 3, 1924-&lt;May 6, 1931&gt;</subfield></datafield><datafield ind1=" " ind2=" " tag="321"><subfield code="a">Twice each six weeks period,</subfield><subfield code="b">&lt;Oct. 25, 1920&gt;-May 26, 1924</subfield></datafield><datafield ind1="1" ind2=" " tag="362"><subfield code="a">Began in 1919.</subfield></datafield><datafield ind1=" " ind2=" " tag="588"><subfield code="a">Description based on: Vol. 2, no. 2 (Oct. 25, 1920).</subfield></datafield><datafield ind1="2" ind2="0" tag="610"><subfield code="a">Owatonna High School (Owatonna, Minn.)</subfield><subfield code="v">Periodicals.</subfield></datafield><datafield ind1=" " ind2="0" tag="650"><subfield code="a">Schools</subfield><subfield code="z">Minnesota</subfield><subfield code="z">Owatonna</subfield><subfield code="v">Periodicals.</subfield></datafield><datafield ind1=" " ind2="0" tag="650"><subfield code="a">High schools</subfield><subfield code="z">Minnesota</subfield><subfield code="z">Owatonna</subfield><subfield code="v">Periodicals.</subfield></datafield><datafield ind1=" " ind2="7" tag="655"><subfield code="a">Periodicals.</subfield><subfield code="2">fast</subfield><subfield code="0">(OCoLC)fst01411641</subfield></datafield><datafield ind1="2" ind2="7" tag="610"><subfield code="a">Owatonna High School (Owatonna, Minn.)</subfield><subfield code="2">fast</subfield><subfield code="0">(OCoLC)fst00677379</subfield></datafield><datafield ind1=" " ind2="7" tag="650"><subfield code="a">High schools.</subfield><subfield code="2">fast</subfield><subfield code="0">(OCoLC)fst00956288</subfield></datafield><datafield ind1=" " ind2="7" tag="650"><subfield code="a">Schools.</subfield><subfield code="2">fast</subfield><subfield code="0">(OCoLC)fst01107958</subfield></datafield><datafield ind1=" " ind2="7" tag="651"><subfield code="a">Minnesota</subfield><subfield code="z">Owatonna.</subfield><subfield code="2">fast</subfield><subfield code="0">(OCoLC)fst01208537</subfield></datafield><datafield ind1="2" ind2=" " tag="710"><subfield code="a">Owatonna High School (Owatonna, Minn.)</subfield></datafield></record>